<record><leader>00000cas a22000007a 4500</leader><controlfield tag="001">17834535</controlfield><controlfield tag="008">880422d18911uuulauwr ne      0    0eng d</controlfield><datafield ind1=" " ind2=" " tag="010"><subfield code="a">sn 88064359 </subfield></datafield><datafield ind1=" " ind2=" " tag="040"><subfield code="a">LNP</subfield><subfield code="b">eng</subfield><subfield code="c">LNP</subfield><subfield code="d">OCLCQ</subfield></datafield><datafield ind1=" " ind2=" " tag="042"><subfield code="a">msc</subfield></datafield><datafield ind1="0" ind2=" " tag="130"><subfield code="a">Sentinel (Winnfield, La.)</subfield></datafield><datafield ind1="1" ind2="4" tag="245"><subfield code="a">The Sentinel.</subfield></datafield><datafield ind1=" " ind2=" " tag="260"><subfield code="a">Winnfield, La. :</subfield><subfield code="b">Sentinel Pub. Co.</subfield></datafield><datafield ind1=" " ind2=" " tag="310"><subfield code="a">Weekly</subfield></datafield><datafield ind1="1" ind2=" " tag="362"><subfield code="a">Began in 1891?</subfield></datafield><datafield ind1=" " ind2=" " tag="588"><subfield code="a">Description based on: Vol. 1, no. 28 (June 2, 1892).</subfield></datafield><datafield ind1=" " ind2=" " tag="752"><subfield code="a">United States</subfield><subfield code="b">Louisiana</subfield><subfield code="c">Winn</subfield><subfield code="d">Winnfield.</subfield></datafield></record>